@InProceedings{Hosseini2014,
	author    = {M. J. Hosseini and H. Hajishirzi and O. Etzioni and and N. 
	Kushman},
	title     = {Learning to solve arithmetic word problems with verb 	
	categorization},
	booktitle = {Empirical Methods in Natural Language Processing
	(EMNLP)},
	pages     = {523-533},
	year      = {2014},
}

@InProceedings{Kushman2014,
	author    = {Nate Kushman and Yoav Artzi and  Luke Zettlemoyer  and 
	Regina Barzilay},
	title     = {Learning to automatically solve algebra word  problems},
	booktitle = {the Annual Meeting of the Association for Computational 
	Linguistics},
	year      = {2014},
}

@article{bojanowski2016enriching,
  title={Enriching Word Vectors with Subword Information},
  author={Bojanowski, Piotr and Grave, Edouard and Joulin, Armand and Mikolov, Tomas},
  journal={arXiv preprint arXiv:1607.04606},
  year={2016}
}

@Article{MukherjeeandGarain,
author = {Anirban Mukherjee and Utpal Garain},
title = {A review of methods for automatic understanding of natural language mathematical problems},
journal = {Artificial Intelligence Review},
year = {2008},
volume = {29},
}